@book{Verruijt2010,
author = {Verruijt, Arnold},
edition = {1st Edition},
pages = {},
publisher = {Springer Netherlands},
series = {Theory and Applications of Transport in Porous Media},
title = {{An Introduction to Soil Dynamics}},
year = {2010}
}