@book{ACHENBACH:1975,
address = {Amsterdam},
author = {J.D. ACHENBACH},
edition = {},
publisher = {Elsevier},
series = {North-Holland Series in Applied Mathematics and Mechanics},
title = {{Wave Propagation in Elastic Solids}},
year = {1795}
}

@book{Spiegel1965,
author = {Spiegel, Murray R},
edition = {1st Edition},
file = {:D\:/Uni/Yazd/Impact Mechanics/Assignments/assignment_01/ref/Murray Spiegel - Schaum's Outline of Laplace Transforms-McGraw-Hill (1965).pdf:pdf},
isbn = {978-0070602311},
mendeley-groups = {Impact Mechanics},
pages = {272},
publisher = {McGraw-Hill Education},
title = {{Schaums's -Laplace Transforms}},
year = {1965}
}


@book{Dyke2001,
author = {Dyke, Philip P. G.},
booktitle = {Springer Undergraduate Mathematics Series},
file = {:D\:/Uni/Yazd/Impact Mechanics/Assignments/assignment_01/ref/(Springer Undergraduate Mathematics Series) Dyke, P. P. G - An introduction to Laplace transforms and Fourier series-Springer Science+Business Media (2014).pdf:pdf},
isbn = {978-1-85233-015-6},
mendeley-groups = {Impact Mechanics},
publisher = {Springer London},
title = {{An Introduction to Laplace Transforms and Fourier Series}},
url = {http://www.springerlink.com/index/10.1007/978-1-4471-0505-3},
year = {2001}
}
