@book{timoshenko1970,
  added-at = {2017-06-29T07:13:07.000+0200},
  address = {New York},
  author = {Timoshenko, Stephen and Goodier, James N.},
  biburl = {https://www.bibsonomy.org/bibtex/298322dfd9f036bafd6634f2934d3713e/gdmcbain},
  citeulike-article-id = {5456876},
  citeulike-linkout-0 = {http://books.google.com/books?id=yFISAAAAIAAJ\&\#38;dq=theory+of+elasticity\&\#38;ei=ICiKSsr3G4jwkQSbxMyPCg},
  comment = {(private-note)Holdings: pers.},
  edition = {Third},
  interhash = {c5eb4d02ad0062de18981f5ff95decc3},
  intrahash = {98322dfd9f036bafd6634f2934d3713e},
  keywords = {74f05-solid-mechanics-thermal-effects 74b05-classical-linear-elasticity},
  posted-at = {2009-08-18 05:05:30},
  priority = {2},
  publisher = {McGraw-Hill},
  timestamp = {2019-04-16T07:26:31.000+0200},
  title = {{Theory of Elasticity}},
  url = {http://books.google.com/books?id=yFISAAAAIAAJ\&\#38;dq=theory+of+elasticity\&\#38;ei=ICiKSsr3G4jwkQSbxMyPCg},
  year = 1970
}


@article{Escalona1999,
author = {Escalona, J. L. and Mayo, J. and Dom{\'{i}}nguez, J.},
doi = {10.1016/S0094-114X(98)00054-8},
file = {:E\:/Uni/Yazd/Impact Mechanics/Project 01/escalona1999.pdf:pdf},
issn = {0094114X},
journal = {Mechanism and Machine Theory},
mendeley-groups = {Impact Mechanics},
number = {5},
pages = {765--780},
title = {{New numerical method for the dynamic analysis of impact loads in flexible beams}},
volume = {34},
year = {1999}
}


@book{goldsmith2001,
author = {Goldsmith,Werner},
edition = {},
isbn = {},
mendeley-groups = {Impact Mechanics},
pages = {46-55},
publisher = {Dover Publications},
title = {{Impact: the Theory and Physical Behaviour of Colliding Solids}},
year = {2001}
}


@book{Todhunter1893,
author = {Todhunter, Isaac and Pearson, Karl},
edition = {Part II Saint-Venant to Lord Kelvin},
isbn = {},
mendeley-groups = {Impact Mechanics},
pages = {46-55},
publisher = {C. J. Clay, M.A and Sons at University Press},
title = {{A History of the Theory of Elasticity and of the Strength of Materials}},
year = {1893}
}


@book{graff1975,
author = {F. Graff, Karl},
edition = {},
isbn = {},
mendeley-groups = {Impact Mechanics},
pages = {},
publisher = {Dover Publications, New York},
title = {{Wave Motion in Elastic Solids}},
year = {1975}
}
